@book{kleinrock1975,
  title={{Queueing Systems. Volume 1: Theory}},
  author={L. Kleinrock},
  year={Enero de 1975},
  publisher={Prentice-Hall}
}

@book{robertazzi2000,
  title={{Computer Networks and Systems: Queueing Theory and Performance Evaluation}},
  author={T. G. Robertazzi},
  year={Junio de 2000},
  publisher={New York: Springer}
}
@book{shoham2008multiagent,
  title={Multiagent systems: Algorithmic, game-theoretic, and logical foundations},
  author={Shoham, Yoav and Leyton-Brown, Kevin},
  year={2008},
  publisher={Cambridge University Press}
}
@book{russell2016artificial,
  title={Artificial intelligence: a modern approach},
  author={Russell, Stuart J and Norvig, Peter},
  year={2016},
  publisher={Malaysia; Pearson Education Limited,}
}
@article{friedberg1958learning,
  title={A learning machine: Part I},
  author={Friedberg, Richard M},
  journal={IBM Journal of Research and Development},
  volume={2},
  number={1},
  pages={2--13},
  year={1958},
  publisher={IBM}
}
@book{penrose1996mente,
  title={La mente nueva del emperador},
  author={Penrose, Roger and Jos ̌Javier Garca̕ Sǹz},
  year={1996},
  publisher={Consejo Nacional de Ciencia y Tecnologa̕. Fondo de Cultura Econm̤ica.}
}

@book{trivino2010complexSystems,
  title={Simulación de Sistemas Complejos},
  author={Ortiz Triviño, Jorge E.},
  year={2010},
  publisher={Universidad Nacional de Colombia.}
}
@book{trivino2012esthocasticModels,
  title={Modelos Estocásticos y Simulación para Computación y Comunicaciones},
  author={Ortiz Triviño, Jorge E.},
  year={2012},
  publisher={Universidad Nacional de Colombia.}
}
@book{law1991simulationModeling,
  title={Simulation Modeling and Analysis},
  author={Averill M. Law,  W. David Kelton},
  year={1991},
  publisher={McGraw-Hill International Ed.}
}
@book{klir2006uncertainityInfoTheory,
  title={UNCERTAINTY AND INFORMATION Foundations of Generalized Information Theory},
  author={George J. Klir},
  year={2006},
  publisher={John Wiley & Sons,Inc.}
}
@book{bertalanffy1968systemTheory,
  title={General System Theory Foundations, Development, Applications},
  author={Ludwig von Bertalanffy},
  year={1968},
  publisher={George Braziller, lnc}
}
@book{wei1994timeseries,
  title={Time series Analysis: Univariate and Multivariate Methods},
  author={Wei, W. W. S.},
  year={1994},
  publisher={Second Edi}
}

@book{Cao&Das2012MobileAgents,
  title={Mobile Agents in Networking and Distributed Computing},
  author={Cao , J. and Das, S. K.},
  year={2012},
  publisher={Wiley}
}


@book{Bagchi&KoreaUbiquitousMultimedia,
  title={Ubiquitous Multimedia and Mobile Agents: Models and Implementations},
  author={Bagchi , S.},
  year={n.d.},
  publisher={IGI Global}
}

@book{Mood&Graybill&BoesTheoryOfStatistics,
  title={Introduction to the Theory of Statistics},
  author={Mood, A. M. and Graybill, F. A. and Boes, D. C.},
  year={1974},
  publisher={ McGraw-Hill, Inc}
}

@book{Searle1971LinearModels,
  title={Linear Models},
  author={Searle, S. R.},
  year={1971},
  publisher={Willey Classics Library}
}